<record><leader>00000cas a22000007a 4500</leader><controlfield tag="001">18047116</controlfield><controlfield tag="008">880607c19329999ohuwr ne      0    0eng d</controlfield><datafield ind1=" " ind2=" " tag="010"><subfield code="a">sn 88078620 </subfield></datafield><datafield ind1=" " ind2=" " tag="040"><subfield code="a">ONP</subfield><subfield code="b">eng</subfield><subfield code="c">ONP</subfield><subfield code="d">OCLCQ</subfield></datafield><datafield ind1=" " ind2=" " tag="042"><subfield code="a">msc</subfield></datafield><datafield ind1="0" ind2=" " tag="130"><subfield code="a">Good news (Middlefield, Ohio)</subfield></datafield><datafield ind1="1" ind2="0" tag="245"><subfield code="a">Good news.</subfield></datafield><datafield ind1=" " ind2=" " tag="260"><subfield code="a">Windsor, Ohio :</subfield><subfield code="b">[Garland Shetler]</subfield></datafield><datafield ind1=" " ind2=" " tag="300"><subfield code="a">v.</subfield></datafield><datafield ind1=" " ind2=" " tag="310"><subfield code="a">Weekly</subfield></datafield><datafield ind1="1" ind2=" " tag="362"><subfield code="a">Began Sept. 12, 1932.</subfield></datafield><datafield ind1=" " ind2=" " tag="500"><subfield code="a">Published in Windsor, Ohio, 1932-</subfield></datafield><datafield ind1=" " ind2=" " tag="588"><subfield code="a">Description based on: Vol. 1, no. 36 (May 31, 1934).</subfield></datafield><datafield ind1=" " ind2="4" tag="651"><subfield code="a">Windsor (Ohio)</subfield><subfield code="v">Newspapers.</subfield></datafield><datafield ind1=" " ind2="4" tag="651"><subfield code="a">Middlefield (Ohio)</subfield><subfield code="v">Newspapers.</subfield></datafield><datafield ind1=" " ind2="4" tag="651"><subfield code="a">Ashtabula County (Ohio)</subfield><subfield code="v">Newspapers.</subfield></datafield><datafield ind1=" " ind2="4" tag="651"><subfield code="a">Geauga County (Ohio)</subfield><subfield code="v">Newspapers.</subfield></datafield><datafield ind1=" " ind2=" " tag="752"><subfield code="a">United States</subfield><subfield code="b">Ohio</subfield><subfield code="c">Geauga</subfield><subfield code="d">Middlefield.</subfield></datafield></record>